@article{original,
author = {Naden Robinson,Victor  and Marqu√©s,Miriam  and Wang,Yanchao  and Ma,Yanming  and Hermann,Andreas },
title = {Novel phases in ammonia-water mixtures under pressure},
journal = {The Journal of Chemical Physics},
volume = {149},
number = {23},
pages = {234501},
year = {2018},
doi = {10.1063/1.5063569},

URL = { 
        https://doi.org/10.1063/1.5063569
    
},
eprint = { 
        https://doi.org/10.1063/1.5063569
    
}

}